<record><leader>00000cas a22000007a 4500</leader><controlfield tag="001">15512535</controlfield><controlfield tag="008">870410c18849999tnudn ne      0   a0eng d</controlfield><datafield ind1=" " ind2=" " tag="010"><subfield code="a">sn 87008333 </subfield></datafield><datafield ind1=" " ind2=" " tag="040"><subfield code="a">NSD</subfield><subfield code="b">eng</subfield><subfield code="c">NSD</subfield><subfield code="d">KNP</subfield><subfield code="d">TGN</subfield><subfield code="d">OCLCQ</subfield><subfield code="d">OCLCF</subfield><subfield code="d">OCLCO</subfield></datafield><datafield ind1=" " ind2=" " tag="012"><subfield code="l">1</subfield><subfield code="m">1</subfield></datafield><datafield ind1="1" ind2=" " tag="022"><subfield code="a">0893-3669</subfield><subfield code="l">0893-3669</subfield><subfield code="2">1</subfield></datafield><datafield ind1="1" ind2=" " tag="029"><subfield code="a">AU@</subfield><subfield code="b">000020460890</subfield></datafield><datafield ind1=" " ind2=" " tag="032"><subfield code="a">420680</subfield><subfield code="b">USPS</subfield></datafield><datafield ind1=" " ind2=" " tag="037"><subfield code="b">Paris Post-Intelligencer, P.O. Box 310, Paris, TN 38242-0310</subfield></datafield><datafield ind1=" " ind2=" " tag="042"><subfield code="a">nsdp</subfield><subfield code="a">msc</subfield></datafield><datafield ind1=" " ind2=" " tag="043"><subfield code="a">n-us-tn</subfield></datafield><datafield ind1=" " ind2="4" tag="222"><subfield code="a">The Paris post-intelligencer</subfield></datafield><datafield ind1="0" ind2="4" tag="245"><subfield code="a">The Paris post-intelligencer.</subfield></datafield><datafield ind1="3" ind2="0" tag="246"><subfield code="a">Post-intelligencer</subfield></datafield><datafield ind1=" " ind2=" " tag="260"><subfield code="a">Paris, Tenn. :</subfield><subfield code="b">John R. Rison</subfield></datafield><datafield ind1=" " ind2=" " tag="300"><subfield code="a">v. :</subfield><subfield code="b">ill.</subfield></datafield><datafield ind1=" " ind2=" " tag="310"><subfield code="a">Daily (except Sat. &amp; Sun.),</subfield><subfield code="b">Aug. 13, 1973-</subfield></datafield><datafield ind1=" " ind2=" " tag="321"><subfield code="a">Weekly,</subfield><subfield code="b">&lt;Oct. 8, 1886&gt;-May 30, 1930</subfield></datafield><datafield ind1=" " ind2=" " tag="321"><subfield code="a">Daily (except Sun.),</subfield><subfield code="b">June 2, 1930-Jan. 16, 1943</subfield></datafield><datafield ind1=" " ind2=" " tag="321"><subfield code="a">Daily (except Sat. &amp; Sun.),</subfield><subfield code="b">Jan. 18, 1943-Aug. 31, 1945</subfield></datafield><datafield ind1=" " ind2=" " tag="321"><subfield code="a">Daily (except Sun.),</subfield><subfield code="b">Sept. 3, 1945-Aug. 11, 1973</subfield></datafield><datafield ind1="1" ind2=" " tag="362"><subfield code="a">Began in 1884?</subfield></datafield><datafield ind1=" " ind2=" " tag="500"><subfield code="a">Publishers: John R. Rison, &lt;1886-1924&gt;; H. Wallace Edwars, &lt;1927&gt;; W. Percy Williams, &lt;1928-1946&gt;; Paris Pub. Co., &lt;1947&gt;-</subfield></datafield><datafield ind1=" " ind2=" " tag="500"><subfield code="a">Paris Pub. Co. purchased the weekly: Parisian (Paris, Tenn. : 1907), July 1, 1955.</subfield></datafield><datafield ind1=" " ind2=" " tag="580"><subfield code="a">Formed by the union of: Paris post (Paris, Tenn.), and: Weekly intelligencer (Paris, Tenn. : 1866).</subfield></datafield><datafield ind1=" " ind2=" " tag="580"><subfield code="a">Weekly ed.: Parisian (Paris, Tenn. : 1907), July 1, 1955-Nov. 14, 1962.</subfield></datafield><datafield ind1=" " ind2=" " tag="588"><subfield code="a">Description based on: Vol. 2, no. 52 (Oct. 8, 1886).</subfield></datafield><datafield ind1=" " ind2="0" tag="651"><subfield code="a">Paris (Tenn.)</subfield><subfield code="v">Newspapers.</subfield></datafield><datafield ind1=" " ind2="0" tag="651"><subfield code="a">Henry County (Tenn.)</subfield><subfield code="v">Newspapers.</subfield></datafield><datafield ind1=" " ind2="7" tag="655"><subfield code="a">Newspapers.</subfield><subfield code="2">fast</subfield><subfield code="0">(OCoLC)fst01423814</subfield></datafield><datafield ind1=" " ind2="7" tag="651"><subfield code="a">Tennessee</subfield><subfield code="z">Henry County.</subfield><subfield code="2">fast</subfield><subfield code="0">(OCoLC)fst01221712</subfield></datafield><datafield ind1=" " ind2="7" tag="651"><subfield code="a">Tennessee</subfield><subfield code="z">Paris.</subfield><subfield code="2">fast</subfield><subfield code="0">(OCoLC)fst01221711</subfield></datafield><datafield ind1=" " ind2=" " tag="752"><subfield code="a">United States</subfield><subfield code="b">Tennessee</subfield><subfield code="c">Henry</subfield><subfield code="d">Paris.</subfield></datafield><datafield ind1="0" ind2=" " tag="775"><subfield code="t">Daily post-intelligencer</subfield><subfield code="g">Nov. 1888</subfield><subfield code="w">(DLC)sn 00063911</subfield></datafield><datafield ind1="1" ind2=" " tag="775"><subfield code="t">Parisian (Paris, Tenn. : 1907)</subfield><subfield code="w">(DLC)sn 89058354</subfield></datafield><datafield ind1="1" ind2="4" tag="780"><subfield code="t">Paris post (Paris, Tenn.)</subfield><subfield code="w">(DLC)sn 89058283</subfield></datafield><datafield ind1="1" ind2="4" tag="780"><subfield code="t">Weekly intelligencer (Paris, Tenn. : 1866)</subfield><subfield code="w">(DLC)sn 85033963</subfield></datafield></record>